@misc{greendao,
  author = {greenrobot},
  title = {greenDAO},
  year = {2013},
  publisher = {GitHub},
  journal = {GitHub repository},
  howpublished = {\url{https://github.com/greenrobot/greenDAO}},
  commit = {b51da611dfa4413c321e775ac68c2f854fade930}
}

@inproceedings{Deterding:2011:GDE:2181037.2181040,
  author = {Deterding, Sebastian and Dixon, Dan and Khaled, Rilla and Nacke, Lennart},
  title = {From Game Design Elements to Gamefulness: Defining "Gamification"},
  booktitle = {Proceedings of the 15th International Academic MindTrek Conference: Envisioning Future Media Environments},
  series = {MindTrek '11},
  year = {2011},
  isbn = {978-1-4503-0816-8},
  location = {Tampere, Finland},
  pages = {9--15},
  numpages = {7},
  url = {http://doi.acm.org/10.1145/2181037.2181040},
  doi = {10.1145/2181037.2181040},
  acmid = {2181040},
  publisher = {ACM},
  address = {New York, NY, USA},
  keywords = {alternate reality games, game-based technologies, gameful design, gamefulness, games, gamification, pervasive games, play, playful design, playfulness, serious games},
} 

@article{Filsecker2014136,
  title = "A multilevel analysis of the effects of external rewards on elementary students' motivation, engagement and learning in an educational game ",
  journal = "Computers \& Education ",
  volume = "75",
  number = "",
  pages = "136 - 148",
  year = "2014",
  note = "",
  issn = "0360-1315",
  doi = "http://dx.doi.org/10.1016/j.compedu.2014.02.008",
  url = "http://www.sciencedirect.com/science/article/pii/S0360131514000426",
  author = "Michael Filsecker and Daniel Thomas Hickey",
  keywords = "Educational games",
  keywords = "External rewards",
  keywords = "Digital badges",
  keywords = "Gamification",
  keywords = "Motivation",
  keywords = "Engagement "
}

@inproceedings{Denis:2005:MEG:1178477.1178581,
  author = {Denis, Guillaume and Jouvelot, Pierre},
  title = {Motivation-driven Educational Game Design: Applying Best Practices to Music Education},
  booktitle = {Proceedings of the 2005 ACM SIGCHI International Conference on Advances in Computer Entertainment Technology},
  series = {ACE '05},
  year = {2005},
  isbn = {1-59593-110-4},
  location = {Valencia, Spain},
  pages = {462--465},
  numpages = {4},
  url = {http://doi.acm.org/10.1145/1178477.1178581},
  doi = {10.1145/1178477.1178581},
  acmid = {1178581},
  publisher = {ACM},
  address = {New York, NY, USA},
  keywords = {educational games, fun, learning, motivation, music},
}

@misc{beck2001agile,
  added-at = {2007-12-30T11:39:05.000+0100},
  author = {Beck, Kent and Beedle, Mike and van Bennekum, Arie and Cockburn, Alistair and Cunningham, Ward and Fowler, Martin and Grenning, James and Highsmith, Jim and Hunt, Andrew and Jeffries, Ron and Kern, Jon and Marick, Brian and Martin, Robert C. and Mellor, Steve and Schwaber, Ken and Sutherland, Jeff and Thomas, Dave},
  biburl = {http://www.bibsonomy.org/bibtex/28954248a545d88dd2c0e688d1c7e2f9d/juve},
  booktitle = {Manifesto for Agile Software Development},
  description = {Manifesto for Agile Software Development},
  interhash = {098cc7e185f10c3da390459a01e0d535},
  intrahash = {8954248a545d88dd2c0e688d1c7e2f9d},
  keywords = {imported},
  timestamp = {2007-12-30T11:39:05.000+0100},
  title = {Manifesto for Agile Software Development},
  url = {http://www.agilemanifesto.org/},
  year = 2001
}

@ARTICLE{talby2006, 
author={D. Talby and A. Keren and O. Hazzan and Y. Dubinsky}, 
journal={IEEE Software}, 
title={Agile software testing in a large-scale project}, 
year={2006}, 
volume={23}, 
number={4}, 
pages={30-37}, 
keywords={data analysis;management information systems;military computing;program testing;project management;software quality;Extreme Programming;IAF;Israeli Air Force;agile software development;agile software testing;business-critical enterprise information system;defect management;large-scale agile project;software development organizations;software quality;Game theory;Large-scale systems;Meeting planning;Programming;Project management;Quality assurance;Reflection;Software testing;Spine;System testing;debugging;measurement;process metrics;project management;project planning;software testing;test design;test management}, 
doi={10.1109/MS.2006.93}, 
ISSN={0740-7459}, 
month={July},}

@book{Beck:2002:TDD:579193,
 author = {Beck},
 title = {Test Driven Development: By Example},
 year = {2002},
 isbn = {0321146530},
 publisher = {Addison-Wesley Longman Publishing Co., Inc.},
 address = {Boston, MA, USA},
} 

@inproceedings{George:2003:IIT:952532.952753,
 author = {George, Boby and Williams, Laurie},
 title = {An Initial Investigation of Test Driven Development in Industry},
 booktitle = {Proceedings of the 2003 ACM Symposium on Applied Computing},
 series = {SAC '03},
 year = {2003},
 isbn = {1-58113-624-2},
 location = {Melbourne, Florida},
 pages = {1135--1139},
 numpages = {5},
 url = {http://doi.acm.org/10.1145/952532.952753},
 doi = {10.1145/952532.952753},
 acmid = {952753},
 publisher = {ACM},
 address = {New York, NY, USA},
 keywords = {agile methodologies, extreme programming, software engineering, software experimentation, test driven development},
} 

